% Encoding: UTF-8

@Article{Agresti1998,
  author    = {Agresti, Alan and Coull, Brent A},
  title     = {Approximate Is Better than “Exact” for Interval Estimation of Binomial Proportions},
  journal   = {The American Statistician},
  year      = {1998},
  volume    = {52},
  number    = {2},
  pages     = {119--126},
  publisher = {Taylor \& Francis},
}

@Article{Chew1971,
  author    = {Chew, Victor},
  title     = {Point estimation of the parameter of the binomial distribution},
  journal   = {The American Statistician},
  year      = {1971},
  volume    = {25},
  number    = {5},
  pages     = {47--50},
  publisher = {Taylor \& Francis},
}

@Article{Clopper1934,
  author    = {Clopper, Charles J and Pearson, Egon S},
  title     = {The use of confidence or fiducial limits illustrated in the case of the binomial},
  journal   = {Biometrika},
  year      = {1934},
  pages     = {404--413},
  publisher = {JSTOR},
}

@Article{Wilson1927,
  author    = {Wilson, Edwin B},
  title     = {Probable inference, the law of succession, and statistical inference},
  journal   = {Journal of the American Statistical Association},
  year      = {1927},
  volume    = {22},
  number    = {158},
  pages     = {209--212},
  publisher = {Taylor \& Francis Group},
}

@Comment{jabref-meta: databaseType:bibtex;}
